=LDR  02157 am a22004933  4500
=001  016287532
=003  Uk
=005  20200626182819.0
=007  cr\mn\024mpadp
=007  cr\mn\024mpada
=008  890621|1852|||||||\\\\|s\\\\\|||\||eng\\
=FMT  \\$a  BK
=040  \\$aUk$cUk
=100  1\$aMARGARET, Alice.
=245  10$aLines on the Loss of Her Majesty's Steamer "Birkenhead." By the orphan of a naval officer. Contributed to the bazaar in aid of the Queen Adelaide Naval Fund.$h[electronic resource]
=264  \1$aLiverpool :$bThomas Baines,$c1852.
=300  \\$a4 pages ;$c(8ยบ)
=336  \\$atext$2rdacontent
=337  \\$acomputer$2rdamedia
=338  \\$aonline resource$2rdacarrier
=856  41$uhttp://books.google.co.uk/books?vid=BL:A0018617155$yGoogle_Books
=859  \\$aXLD$bMS Digitised
=859  \\$aXLD$bMSD
=852  4\$cDRT$jDigital Store 011650.h.73.(1.)$aBritish Library$bHMNTS
=985  \\$aCorrected by MS generated file for WR# 1805-0738
=CAT  \\$aBATCH-MSDN$b00$c20130227$lBLL01$h1542
=CAT  \\$aMSD-SUPP$c20130227$lBLL01$h1832
=CAT  \\$aBATCH-UPD$b00$c20130318$lBLL01$h1050
=CAT  \\$aWR13.117$c20130720$lBLL01$h1921
=CAT  \\$aWR14.046$c20140417$lBLL01$h1725
=CAT  \\$aWR13.144/5$c20140418$lBLL01$h1043
=CAT  \\$aWR14_057$b00$c20141011$lBLL01$h1511
=CAT  \\$aBATCH-DCW$b00$c20160710$lBLL01$h1009
=CAT  \\$aW1807-0595$c20180717$lBLL01$h1730
=CAT  \\$a1805-0738$c20181228$lBLL01$h1833
=CAT  \\$a1805-0738$b00$c20181228$lBLL01$h1917
=CAT  \\$aW2001-2376$c20200626$lBLL01$h1828
=FIN  \\$aY$d20130227
=LKR  \\$aPAR$lBLL01$r776$b002380249$mLines on the Loss of Her Majesty's Steamer "Birkenhead." By the orphan of a naval officer. Contributed to the bazaar in aid of the Queen Adelaide Naval Fund.$nLines on the Loss of Her Majesty's Steamer "Birkenhead." By the orphan of a naval officer. Contributed to the bazaar in aid of the Queen Adelaide Naval Fund.
=DGM  \\$a002380249$bCatBridge variable field
=DRT  \\$aMSD
=SRC  \\$aMSD$bMSBooks_20160709
=SRC  \\$aMSD$bmsdig_000172
=LAS  \\$aW2001-2376$b00$c20200626$lBLL01$h1828

